@inproceedings{Ghannouchi_2012,
  title={Accurate wireless indoor position estimation by using hybrid TDOA/RSS algorithm},
  author={Ghannouchi, Fadhel M and Wang, Donglin and Tiwari, Smita},
  booktitle={Vehicular Electronics and Safety (ICVES), 2012 IEEE International Conference on},
  pages={437--441},
  year={2012},
  organization={IEEE}
}

@article{liu2007survey,
  title={Survey of wireless indoor positioning techniques and systems},
  author={Liu, Hui and Darabi, Houshang and Banerjee, Pat and Liu, Jing},
  journal={IEEE Transactions on Systems, Man, and Cybernetics, Part C (Applications and Reviews)},
  volume={37},
  number={6},
  pages={1067--1080},
  year={2007},
  publisher={IEEE}
}

@article{zhou11_indoor_ellip_local_based_async,
  title={Indoor elliptical localization based on asynchronous UWB range measurement},
  author={Zhou, Yuan and Law, Choi Look and Guan, Yong Liang and Chin, Francois},
  journal={IEEE Transactions on Instrumentation and Measurement},
  volume={60},
  number={1},
  pages={248--257},
  year={2011},
  publisher={IEEE}
}
@inproceedings{lee07_compar_study_wirel_protoc,
  title={A comparative study of wireless protocols: Bluetooth, UWB, ZigBee, and Wi-Fi},
  author={Lee, Jin-Shyan and Su, Yu-Wei and Shen, Chung-Chou},
  booktitle={Industrial Electronics Society, 2007. IECON 2007. 33rd Annual Conference of the IEEE},
  pages={46--51},
  year={2007},
  organization={Ieee}
}
@article{gezici2005localization,
  title={Localization via ultra-wideband radios: a look at positioning aspects for future sensor networks},
  author={Gezici, Sinan and Tian, Zhi and Giannakis, Georgios B and Kobayashi, Hisashi and Molisch, Andreas F and Poor, H Vincent and Sahinoglu, Zafer},
  journal={IEEE signal processing magazine},
  volume={22},
  number={4},
  pages={70--84},
  year={2005},
  publisher={IEEE}
}

@inproceedings{laaraiedh2009hybrid,
  title={Hybrid data fusion techniques for localization in UWB networks},
  author={Laaraiedh, Mohamed and Avrillon, St{\'e}phane and Uguen, Bernard},
  booktitle={Positioning, Navigation and Communication, 2009. WPNC 2009. 6th Workshop on},
  pages={51--57},
  year={2009},
  organization={IEEE}
}

@article{kumarasiri2016improved,
  title={An Improved Hybrid RSS/TDOA Wireless Sensors Localization Technique Utilizing Wi-Fi Networks},
  author={Kumarasiri, Rajika and Alshamaileh, Khair and Tran, Nghi H and Devabhaktuni, Vijay},
  journal={Mobile Networks and Applications},
  volume={21},
  number={2},
  pages={286--295},
  year={2016},
  publisher={Springer}
}

@inproceedings{wang2012hybrid,
  title={Hybrid RSS/AOA emitter location estimation based on least squares and maximum likelihood criteria},
  author={Wang, Sichun and Jackson, Brad R and Inkol, Robert},
  booktitle={Communications (QBSC), 2012 26th Biennial Symposium on},
  pages={24--29},
  year={2012},
  organization={IEEE}
}

@article{gholami2013rss,
  title={RSS-based sensor localization in the presence of unknown channel parameters},
  author={Gholami, Mohammad Reza and Vaghefi, Reza Monir and Str{\"o}m, Erik G},
  journal={IEEE Transactions on Signal Processing},
  volume={61},
  number={15},
  pages={3752--3759},
  year={2013},
  publisher={IEEE}
}

@inproceedings{mikhaylov2016selection,
  title={On the selection of protocol and parameters for UWB-based wireless indoors localization},
  author={Mikhaylov, Konstantin and Tikanm{\"a}ki, Antti and Pet{\"a}j{\"a}j{\"a}rvi, Juha and H{\"a}m{\"a}l{\"a}inen, Matti and Kohno, Ryuji},
  booktitle={Medical Information and Communication Technology (ISMICT), 2016 10th International Symposium on},
  pages={1--5},
  year={2016},
  organization={IEEE}
}

@article{dardari2015indoor,
  title={Indoor tracking: Theory, methods, and technologies},
  author={Dardari, Davide and Closas, Pau and Djuri{\'c}, Petar M},
  journal={IEEE Transactions on Vehicular Technology},
  volume={64},
  number={4},
  pages={1263--1278},
  year={2015},
  publisher={IEEE}
}

@inproceedings{gururaj2017real,
  title={Real-time identification of NLOS range measurements for enhanced UWB localization},
  author={Gururaj, Karthikeyan and Rajendra, Anojh Kumaran and Song, Yang and Law, Choi Look and Cai, Guofa},
  booktitle={Indoor Positioning and Indoor Navigation (IPIN), 2017 International Conference on},
  pages={1--7},
  year={2017},
  organization={IEEE}
}

@article{dardari2009ranging,
  title={Ranging with ultrawide bandwidth signals in multipath environments},
  author={Dardari, Davide and Conti, Andrea and Ferner, Ulric and Giorgetti, Andrea and Win, Moe Z},
  journal={Proceedings of the IEEE},
  volume={97},
  number={2},
  pages={404--426},
  year={2009},
  publisher={IEEE}
}

@manual{dw1000_manual,
  title={DW1000 USER MANUAL: how to use, configure and program the dw1000 uwb transceiver},
  organization={Decawave},
  edition={2.13},
  note = {\url{https://www.decawave.com/sites/default/files/dw1000_user_manual_2.13.pdf}}
}

@manual{dw1000_brief,
  title={PRODUCT INFORMATION: DW1000},
  organization={Decawave},
  note = {\url{https://www.decawave.com/sites/default/files/dw1000-product-brief_2.pdf}}
}

@manual{evb1000_brief,
  title={PRODUCT INFORMATION: EVB1000},
  organization={Decawave},
  note = {\url{https://www.decawave.com/sites/default/files/resources/evb1000-product-brief_3.pdf}}
}

@manual{trek1000_brief,
  title={TREK1000: Two-Way-Ranging (TWR) RTLS IC Evaluation Kit},
  organization={Decawave},
  note = {\url{https://www.decawave.com/sites/default/files/trek1000_product_brief.pdf}}
}

@manual{trek1000_manual,
  title={TREK1000 User Manual},
  organization={Decawave},
  edition={1.06},
  note = {\url{https://www.decawave.com/sites/default/files/trek1000_user_manual_1.06_1.pdf}}
}

@misc{rpi_3_webpage,
  title = {Raspberry Pi 3 Model B webpage},
  howpublished = {\url{https://www.raspberrypi.org/products/raspberry-pi-3-model-b/}},
  note = {Accessed: 2018-05-31}
}

@misc{raspbian_webpage,
  title = {Raspbian website},
  howpublished = {\url{https://www.raspbian.org/}},
  note = {Accessed: 2018-05-31}
}

@misc{stlink_webpage,
  title = {ST-LINK/V2 webpage},
  howpublished = {\url{http://www.st.com/en/development-tools/st-link-v2.html}},
  note = {Accessed: 2018-05-31}
}

@misc{access_point_webpage,
  editor =       {thepi.org},
  month =        {November},
  year =         {2017},
  title = {How to use your Raspberry Pi as a wireless access point},
  howpublished = {\url{https://thepi.io/how-to-use-your-raspberry-pi-as-a-wireless-access-point/}},
  note = {Accessed: 2018-05-31}
}

@misc{rpi_website,
  title = {Raspberry Pi website},
  howpublished = {\url{https://www.raspberrypi.org/}},
  note = {Accessed: 2018-06-03}
}

@misc{iotlab_website,
  title = {IoT Lab website},
  howpublished = {\url{http://www.iotlab.it/}},
  note = {Accessed: 2018-06-03}
}
